% imagej2.bib

% uncomment next line to make author-year bibliography
% @settings{label, options="nameyear"}

%%%%%%%%%%%%%%%%%%%%%%%%%%%%%%%%%%%%%
%% ImageJ and SciJava articles     %%
%%%%%%%%%%%%%%%%%%%%%%%%%%%%%%%%%%%%%

@article{imagej_history,
  Author = {Schneider, Caroline A and Rasband, Wayne S and Eliceiri, Kevin W and others},
  Date-Added = {2017-01-17 20:20:29 +0000},
  Date-Modified = {2017-01-17 20:20:29 +0000},
  Journal = {Nat methods},
  Number = {7},
  Pages = {671--675},
  Title = {NIH Image to ImageJ: 25 years of image analysis},
  Volume = {9},
  Year = {2012}}

@article{imagej_ecosystem,
  Author = {Schindelin, Johannes and Rueden, Curtis T and Hiner, Mark C and Eliceiri, Kevin W},
  Date-Added = {2017-01-17 19:43:31 +0000},
  Date-Modified = {2017-01-17 19:43:31 +0000},
  Journal = {Molecular reproduction and development},
  Number = {7-8},
  Pages = {518--529},
  Publisher = {Wiley Online Library},
  Title = {The ImageJ ecosystem: An open platform for biomedical image analysis},
  Volume = {82},
  Year = {2015}}

@article{imagej_review,
  Author = {Arena, Ellen T and Rueden, Curtis T and Hiner, Mark C and Wang, Shulei and Yuan, Ming and Eliceiri, Kevin W},
  Date-Added = {2017-01-17 19:51:09 +0000},
  Date-Modified = {2017-11-21 22:10:00 +0000},
  Doi = {10.1002/wdev.260},
  Issn = {1759-7692},
  Journal = {Wiley Interdisciplinary Reviews: Developmental Biology},
  Note = {e260},
  Number = {2},
  Pages = {e260--n/a},
  Publisher = {Wiley Online Library},
  Title = {Quantitating the cell: turning images into numbers with ImageJ},
  Volume = {6},
  Year = {2017}}

@article{fiji,
  Author = {Schindelin, Johannes and Arganda-Carreras, Ignacio and Frise, Erwin and Kaynig, Verena and Longair, Mark and Pietzsch, Tobias and Preibisch, Stephan and Rueden, Curtis and Saalfeld, Stephan and Schmid, Benjamin and others},
  Date-Added = {2017-01-17 20:19:55 +0000},
  Date-Modified = {2017-01-17 20:19:55 +0000},
  Journal = {Nature methods},
  Number = {7},
  Pages = {676--682},
  Publisher = {Nature Publishing Group},
  Title = {Fiji: an open-source platform for biological-image analysis},
  Volume = {9},
  Year = {2012}}

@article{scifio,
  Author = {Hiner, Mark C and Rueden, Curtis T and Eliceiri, Kevin W},
  Date-Added = {2017-01-17 19:51:57 +0000},
  Date-Modified = {2017-01-17 19:51:57 +0000},
  Journal = {BMC bioinformatics},
  Number = {1},
  Pages = {521},
  Publisher = {BioMed Central},
  Title = {SCIFIO: an extensible framework to support scientific image formats},
  Volume = {17},
  Year = {2016}}

@article{imagej_matlab,
  Author = {Hiner, Mark C and Rueden, Curtis T and Eliceiri, Kevin W},
  Date-Added = {2017-01-17 19:52:16 +0000},
  Date-Modified = {2017-11-22 01:38:00 +0000},
  Doi = {10.1093/bioinformatics/btw681},
  Journal = {Bioinformatics},
  Number = {4},
  Pages = {629-630},
  Publisher = {Oxford Univ Press},
  Title = {ImageJ-MATLAB: a bidirectional framework for scientific image analysis interoperability},
  Volume = {33},
  Year = {2016}}

@article{imglib2,
  Author = {Pietzsch, Tobias and Preibisch, Stephan and Toman{\v{c}}{\'a}k, Pavel and Saalfeld, Stephan},
  Date-Added = {2017-01-17 20:19:44 +0000},
  Date-Modified = {2017-01-17 20:19:44 +0000},
  Journal = {Bioinformatics},
  Number = {22},
  Pages = {3009--3011},
  Publisher = {Oxford Univ Press},
  Title = {ImgLib2---generic image processing in Java},
  Volume = {28},
  Year = {2012}}

@article{cellprofiler,
  Author = {Carpenter, Anne E and Jones, Thouis R and Lamprecht, Michael R and Clarke, Colin and Kang, In H and Friman, Ola and Guertin, David A and Chang, Joo H and Lindquist, Robert A and Moffat, Jason and others},
  Date-Added = {2017-01-17 20:18:20 +0000},
  Date-Modified = {2017-01-17 20:18:20 +0000},
  Journal = {Genome biology},
  Number = {10},
  Pages = {R100},
  Publisher = {BioMed Central Ltd},
  Title = {CellProfiler: image analysis software for identifying and quantifying cell phenotypes},
  Volume = {7},
  Year = {2006}}

@article{cellprofiler_2011,
  Author = {Kamentsky, Lee and Jones, Thouis R and Fraser, Adam and Bray, Mark-Anthony and Logan, David J and Madden, Katherine L and Ljosa, Vebjorn and Rueden, Curtis and Eliceiri, Kevin W and Carpenter, Anne E},
  Date-Added = {2017-04-17 22:32:00 +0000},
  Date-Modified = {2017-04-17 22:32:00 +0000},
  Journal = {Bioinformatics},
  Number = {8},
  Pages = {1179--1180},
  Publisher = {Oxford Univ Press},
  Title = {Improved structure, function and compatibility for CellProfiler: modular high-throughput image analysis software},
  Volume = {27},
  Year = {2011}}

@article{omero,
  Author = {Allan, Chris and Burel, Jean-Marie and Moore, Josh and Blackburn, Colin and Linkert, Melissa and Loynton, Scott and MacDonald, Donald and Moore, William J and Neves, Carlos and Patterson, Andrew and others},
  Date-Added = {2017-01-17 20:18:47 +0000},
  Date-Modified = {2017-01-17 20:18:47 +0000},
  Journal = {Nature methods},
  Number = {3},
  Pages = {245--253},
  Publisher = {Nature Publishing Group},
  Title = {OMERO: flexible, model-driven data management for experimental biology},
  Volume = {9},
  Year = {2012}}

@article{itk,
  Author = {Yoo, Terry S and Ackerman, Michael J and Lorensen, William E and Schroeder, Will and Chalana, Vikram and Aylward, Stephen and Metaxas, Dimitris and Whitaker, Ross},
  Date-Added = {2017-01-17 20:13:11 +0000},
  Date-Modified = {2017-01-17 20:13:11 +0000},
  Journal = {Studies in health technology and informatics},
  Pages = {586--592},
  Publisher = {IOS Press; 1999},
  Title = {Engineering and algorithm design for an image processing API: a technical report on ITK-the insight toolkit},
  Year = {2002}}

@article{bio7,
  Author = {Austenfeld, Marcel and Beyschlag, Wolfram},
  Date-Added = {2017-01-17 19:55:53 +0000},
  Date-Modified = {2017-01-17 19:55:53 +0000},
  Journal = {Journal of Statistical Software},
  Number = {4},
  Pages = {1--19},
  Publisher = {Foundation for Open Access Statistics},
  Title = {A Graphical User Interface for R in a Rich Client Platform for Ecological Modeling},
  Volume = {49},
  Year = {2012}}

@article{mitobo,
  Author = {M{\"o}ller, Birgit and Gla{\ss}, Markus and Misiak, Danny and Posch, Stefan},
  Date-Added = {2017-01-17 20:08:00 +0000},
  Date-Modified = {2017-01-17 20:08:00 +0000},
  Journal = {Journal of Open Research Software},
  Number = {1},
  Publisher = {Ubiquity Press},
  Title = {MiToBo-A Toolbox for Image Processing and Analysis},
  Volume = {4},
  Year = {2016}}

@article{morpholibj,
  Author = {Legland, David and Arganda-Carreras, Ignacio and Andrey, Philippe},
  Date-Added = {2017-01-17 19:44:48 +0000},
  Date-Modified = {2017-01-17 19:44:48 +0000},
  Journal = {Bioinformatics},
  Number = {22},
  Pages = {3532--3534},
  Publisher = {Oxford Univ Press},
  Title = {MorphoLibJ: integrated library and plugins for mathematical morphology with ImageJ},
  Volume = {32},
  Year = {2016}}

@article{bio_formats,
  Author = {Linkert, Melissa and Rueden, Curtis T and Allan, Chris and Burel, Jean-Marie and Moore, Will and Patterson, Andrew and Loranger, Brian and Moore, Josh and Neves, Carlos and MacDonald, Donald and others},
  Date-Added = {2017-01-17 20:19:20 +0000},
  Date-Modified = {2017-01-17 20:19:20 +0000},
  Journal = {The Journal of cell biology},
  Number = {5},
  Pages = {777--782},
  Publisher = {Rockefeller Univ Press},
  Title = {Metadata matters: access to image data in the real world},
  Volume = {189},
  Year = {2010}}

@article{ome_xml,
  Author = {Goldberg, Ilya G and Allan, Chris and Burel, Jean-Marie and Creager, Doug and Falconi, Andrea and Hochheiser, Harry and Johnston, Josiah and Mellen, Jeff and Sorger, Peter K and Swedlow, Jason R},
  Date-Added = {2017-01-19 16:28:35 +0000},
  Date-Modified = {2017-01-19 16:29:02 +0000},
  Journal = {Genome biology},
  Number = {5},
  Pages = {R47},
  Publisher = {BioMed Central},
  Title = {The Open Microscopy Environment (OME) Data Model and XML file: open tools for informatics and quantitative analysis in biological imaging},
  Volume = {6},
  Year = {2005}}

@article{icy,
  Author = {De Chaumont, Fabrice and Dallongeville, St{\'e}phane and Chenouard, Nicolas and Herv{\'e}, Nicolas and Pop, Sorin and Provoost, Thomas and Meas-Yedid, Vannary and Pankajakshan, Praveen and Lecomte, Timoth{\'e}e and Le Montagner, Yoann and others},
  Date-Added = {2017-01-17 20:18:34 +0000},
  Date-Modified = {2017-01-17 20:18:34 +0000},
  Journal = {Nature methods},
  Number = {7},
  Pages = {690--696},
  Publisher = {Nature Publishing Group},
  Title = {Icy: an open bioimage informatics platform for extended reproducible research},
  Volume = {9},
  Year = {2012}}

@article{trackmate,
  Author = {Tinevez, Jean-Yves and Perry, Nick and Schindelin, Johannes and Hoopes, Genevieve M and Reynolds, Gregory D and Laplantine, Emmanuel and Bednarek, Sebastian Y and Shorte, Spencer L and Eliceiri, Kevin W},
  Date-Added = {2017-08-14 16:31:00 +0000},
  Date-Modified = {2017-08-14 16:32:00 +0000},
  Journal = {Methods},
  Pages = {80--90},
  Publisher = {Elsevier},
  Title = {TrackMate: An open and extensible platform for single-particle tracking},
  Volume = {115},
  Year = {2017}}

@article{multiview_2010,
  Author = {Preibisch, Stephan and Saalfeld, Stephan and Schindelin, Johannes and Tomancak, Pavel},
  Date-Added = {2017-08-14 16:31:00 +0000},
  Date-Modified = {2017-08-14 16:32:00 +0000},
  Journal = {Nature methods},
  Number = {6},
  Pages = {418--419},
  Publisher = {Nature Publishing Group},
  Title = {Software for bead-based registration of selective plane illumination microscopy data},
  Volume = {7},
  Year = {2010}}

@article{multiview_2014,
  Author = {Preibisch, Stephan and Amat, Fernando and Stamataki, Evangelia and Sarov, Mihail and Singer, Robert H and Myers, Eugene and Tomancak, Pavel},
  Date-Added = {2017-08-14 16:31:00 +0000},
  Date-Modified = {2017-08-14 16:32:00 +0000},
  Journal = {nature methods},
  Number = {6},
  Pages = {645--648},
  Publisher = {Nature Research},
  Title = {Efficient Bayesian-based multiview deconvolution},
  Volume = {11},
  Year = {2014}}

@article{bigdataviewer,
  Author = {Pietzsch, Tobias and Saalfeld, Stephan and Preibisch, Stephan and Tomancak, Pavel},
  Date-Added = {2017-01-17 19:53:39 +0000},
  Date-Modified = {2017-01-17 19:53:39 +0000},
  Journal = {Nature methods},
  Number = {6},
  Pages = {481--483},
  Publisher = {Nature Publishing Group},
  Title = {BigDataViewer: visualization and processing for large image data sets},
  Volume = {12},
  Year = {2015}}

@article{sholl_analysis,
  Author = {Ferreira, Tiago A and Blackman, Arne V and Oyrer, Julia and Jayabal, Sriram and Chung, Andrew J and Watt, Alanna J and Sj{\"o}str{\"o}m, P Jesper and Van Meyel, Donald J},
  Date-Added = {2017-08-14 16:31:00 +0000},
  Date-Modified = {2017-08-14 16:32:00 +0000},
  Journal = {Nature methods},
  Number = {10},
  Pages = {982--984},
  Publisher = {Nature Research},
  Title = {Neuronal morphometry directly from bitmap images},
  Volume = {11},
  Year = {2014}}

@article{simple_neurite_tracer,
  Author = {Longair, Mark H and Baker, Dean A and Armstrong, J Douglas},
  Date-Added = {2017-08-14 16:31:00 +0000},
  Date-Modified = {2017-08-14 16:32:00 +0000},
  Journal = {Bioinformatics},
  Number = {17},
  Pages = {2453--2454},
  Publisher = {Oxford University Press},
  Title = {Simple Neurite Tracer: open source software for reconstruction, visualization and analysis of neuronal processes},
  Volume = {27},
  Year = {2011}}

@article{ij_opencv,
  Author = {Domínguez, César and Heras, Jónathan and Pascual, Vico},
  Date-Added = {2017-08-08 18:43:00 +0000},
  Date-Modified = {2017-08-08 18:44:00 +0000},
  Journal = {Computers in Biology and Medicine},
  Number = {C},
  Pages = {189--194},
  Publisher = {Pergamon Press, Inc.},
  Title = {IJ-OpenCV: Combining ImageJ and OpenCV for processing images in biomedicine},
  Volume = {84},
  Year = {2017}}

@incollection{moma_seg,
  title = {Optimal joint segmentation and tracking of Escherichia coli in the mother machine},
  author = {Jug, Florian and Pietzsch, Tobias and Kainm{\"u}ller, Dagmar and Funke, Jan and Kaiser, Matthias and van Nimwegen, Erik and Rother, Carsten and Myers, Gene},
  booktitle = {Bayesian and grAphical Models for Biomedical Imaging},
  pages = {25--36},
  year = {2014},
  publisher = {Springer}}

@inproceedings{moma_tracking,
  title = {Tracking by assignment facilitates data curation},
  author = {Jug, Florian and Pietzsch, Tobias and Kainm{\"u}ller, Dagmar and Myers, Gene},
  booktitle = {MICCAI IMIC Workshop},
  volume = {2},
  year = {2014}}

@misc{kymograph,
  author = {Hadrien Mary and Curtis Rueden and Tiago Ferreira},
  title = {KymographBuilder: Release 1.2.4},
  month = jun,
  year = 2016,
  doi = {10.5281/zenodo.56702},
  url = {https://doi.org/10.5281/zenodo.56702}}

@inproceedings{z_spacing,
  title = {Post-acquisition image based compensation for thickness variation in microscopy section series},
  author = {Hanslovsky, Philipp and Bogovic, John A and Saalfeld, Stephan},
  booktitle = {Biomedical Imaging (ISBI), 2015 IEEE 12th International Symposium on},
  pages = {507--511},
  year = {2015},
  organization = {IEEE}}

@article{trainable_weka,
  Author = {Arganda-Carreras, Ignacio and Kaynig, Verena and Rueden, Curtis and Eliceiri, Kevin W. and Schindelin, Johannes and Cardona, Albert and Seung, H. Sebastian},
  Doi = {10.1093/bioinformatics/btx180},
  Eprint = {/oup/backfile/content\_public/journal/bioinformatics/33/15/10.1093\_bioinformatics\_btx180/2/btx180.pdf},
  Journal = {Bioinformatics},
  Number = {15},
  Pages = {2424-2426},
  Title = {Trainable Weka Segmentation: a machine learning tool for microscopy pixel classification},
  Volume = {33},
  Year = {2017}}

@article{pendent_drop,
  title = {Pendent\_Drop: an ImageJ plugin to measure the surface tension from an image of a pendent drop},
  author = {Daerr, Adrian and Mogne, Adrien},
  journal = {Journal of Open Research Software},
  volume = {4},
  number = {1},
  year = {2016},
  publisher = {Ubiquity Press}}

@article{image_stitching,
  title = {Globally optimal stitching of tiled 3D microscopic image acquisitions},
  author = {Preibisch, Stephan and Saalfeld, Stephan and Tomancak, Pavel},
  journal = {Bioinformatics},
  volume = {25},
  number = {11},
  pages = {1463--1465},
  year = {2009},
  publisher = {Oxford University Press}}

%%%%%%%%%%%%%%%%%%%%%%%%%%%%%%%%%%%%%
%% Related software articles       %%
%%%%%%%%%%%%%%%%%%%%%%%%%%%%%%%%%%%%%

@article{micro_manager_2014,
  Author = {Edelstein, Arthur D and Tsuchida, Mark A and Amodaj, Nenad and Pinkard, Henry and Vale, Ronald D and Stuurman, Nico},
  Date-Added = {2017-04-17 22:35:00 +0000},
  Date-Modified = {2017-04-17 22:35:00 +0000},
  Journal = {Journal of biological methods},
  Number = {2},
  Publisher = {NIH Public Access},
  Title = {Advanced methods of microscope control using $\mu$Manager software},
  Volume = {1},
  Year = {2014}}

@article{bisque,
  Author = {Kvilekval, Kristian and Fedorov, Dmitry and Obara, Boguslaw and Singh, Ambuj and Manjunath, BS},
  Date-Added = {2017-04-17 22:35:00 +0000},
  Date-Modified = {2017-04-17 22:35:00 +0000},
  Journal = {Bioinformatics},
  Number = {4},
  Pages = {544--552},
  Publisher = {Oxford Univ Press},
  Title = {Bisque: a platform for bioimage analysis and management},
  Volume = {26},
  Year = {2010}}

@article{bioimagexd,
  Author = {Kankaanp{\"a}{\"a}, Pasi and Paavolainen, Lassi and Tiitta, Silja and Karjalainen, Mikko and P{\"a}iv{\"a}rinne, Joacim and Nieminen, Jonna and Marjom{\"a}ki, Varpu and Heino, Jyrki and White, Daniel J},
  Date-Added = {2017-04-17 22:58:00 +0000},
  Date-Modified = {2017-04-17 22:58:00 +0000},
  Journal = {Nature methods},
  Number = {7},
  Pages = {683--689},
  Publisher = {Nature Research},
  Title = {BioImageXD: an open, general-purpose and high-throughput image-processing platform},
  Volume = {9},
  Year = {2012}}

@article{workflow_systems,
  Author = {Warr, Wendy A},
  Date-Added = {2017-04-17 22:35:00 +0000},
  Date-Modified = {2017-04-17 22:35:00 +0000},
  Journal = {Journal of computer-aided molecular design},
  Number = {7},
  Pages = {801--804},
  Publisher = {Springer},
  Title = {Scientific workflow systems: Pipeline Pilot and KNIME},
  Volume = {26},
  Year = {2012}}

@inproceedings{fluorender,
  Author = {Wan, Yong and Otsuna, Hideo and Chien, Chi-Bin and Hansen, Charles},
  Booktitle = {Pacific Visualization Symposium (PacificVis), 2012 IEEE},
  Date-Added = {2017-04-17 22:35:00 +0000},
  Date-Modified = {2017-04-17 22:35:00 +0000},
  Organization = {IEEE},
  Pages = {201--208},
  Title = {FluoRender: an application of 2D image space methods for 3D and 4D confocal microscopy data visualization in neurobiology research},
  Year = {2012}}

@article{vaa3d,
  Author = {Peng, Hanchuan and Bria, Alessandro and Zhou, Zhi and Iannello, Giulio and Long, Fuhui},
  Date-Added = {2017-04-17 22:35:00 +0000},
  Date-Modified = {2017-04-17 22:35:00 +0000},
  Journal = {Nature protocols},
  Number = {1},
  Pages = {193--208},
  Publisher = {Nature Research},
  Title = {Extensible visualization and analysis for multidimensional images using Vaa3D},
  Volume = {9},
  Year = {2014}}

%%%%%%%%%%%%%%%%%%%%%%%%%%%%%%%%%%%%%
%% Scientific use cases            %%
%%%%%%%%%%%%%%%%%%%%%%%%%%%%%%%%%%%%%

@article{science_trackmate,
  Author = {Cho, Nam Woo and Lampson, Michael A and Greenberg, Roger A},
  Date-Added = {2017-08-14 16:31:00 +0000},
  Date-Modified = {2017-08-14 16:32:00 +0000},
  Journal = {Methods},
  Pages = {54--59},
  Publisher = {Elsevier},
  Title = {In vivo imaging of DNA double-strand break induced telomere mobility during alternative lengthening of telomeres},
  Volume = {114},
  Year = {2017}}

@article{science_mamut,
  Author = {Wolff, Carsten and Tinevez, Jean-Yves and Pietzsch, Tobias and Stamataki, Evangelia and Harich, Benjamin and Preibisch, Stephan and Shorte, Spencer and Keller, Philipp J and Tomancak, Pavel and Pavlopoulos, Anastasios},
  Date-Added = {2017-08-14 16:31:00 +0000},
  Date-Modified = {2017-08-14 16:32:00 +0000},
  Journal = {bioRxiv},
  Pages = {112623},
  Publisher = {Cold Spring Harbor Labs Journals},
  Title = {Reconstruction of cell lineages and behaviors underlying arthropod limb outgrowth with multi-view light-sheet imaging and tracking},
  Year = {2017}}

@article{science_multiview_1,
  Author = {Icha, Jaroslav and Schmied, Christopher and Sidhaye, Jaydeep and Tomancak, Pavel and Preibisch, Stephan and Norden, Caren},
  Date-Added = {2017-08-14 16:31:00 +0000},
  Date-Modified = {2017-08-14 16:32:00 +0000},
  Doi = {10.3791/53966},
  Journal = {Journal of visualized experiments: JoVE},
  Number = {110},
  Pages = {53966},
  Publisher = {MyJoVE Corporation},
  Title = {Using light sheet fluorescence microscopy to image zebrafish eye development},
  Year = {2016}}

@article{science_multiview_2,
  Author = {Fame, Ryann M and Chang, Jessica T and Hong, Alex and Aponte-Santiago, Nicole A and Sive, Hazel},
  Date-Added = {2017-08-14 16:31:00 +0000},
  Date-Modified = {2017-08-14 16:32:00 +0000},
  Journal = {Fluids and Barriers of the CNS},
  Number = {1},
  Pages = {11},
  Publisher = {BioMed Central},
  Title = {Directional cerebrospinal fluid movement between brain ventricles in larval zebrafish},
  Volume = {13},
  Year = {2016}}

@article{science_sholl_1,
  Author = {Luczynski, Pauline and Whelan, Se{\'a}n O and O'sullivan, Colette and Clarke, Gerard and Shanahan, Fergus and Dinan, Timothy G and Cryan, John F},
  Date-Added = {2017-08-14 16:31:00 +0000},
  Date-Modified = {2017-08-14 16:32:00 +0000},
  Journal = {European Journal of Neuroscience},
  Number = {9},
  Pages = {2654--2666},
  Publisher = {Wiley Online Library},
  Title = {Adult microbiota-deficient mice have distinct dendritic morphological changes: differential effects in the amygdala and hippocampus},
  Volume = {44},
  Year = {2016}}

@article{science_sholl_2,
  Author = {Li, Kangjun and Zhong, Xiufeng and Yang, Sijing and Luo, Ziming and Li, Kang and Liu, Ying and Cai, Song and Gu, Huaiyu and Lu, Shoutao and Zhang, Haijun and others},
  Date-Added = {2017-08-14 16:31:00 +0000},
  Date-Modified = {2017-08-14 16:32:00 +0000},
  Journal = {Acta Biomaterialia},
  Pages = {117--127},
  Publisher = {Elsevier},
  Title = {HiPSC-derived retinal ganglion cells grow dendritic arbors and functional axons on a tissue-engineered scaffold},
  Volume = {54},
  Year = {2017}}

@article{science_sholl_3,
  Author = {Valdez, Chris M and Murphy, Geoffrey G and Beg, Asim A},
  Date-Added = {2017-08-14 16:31:00 +0000},
  Date-Modified = {2017-08-14 16:32:00 +0000},
  Journal = {Molecular and Cellular Neuroscience},
  Pages = {14--26},
  Publisher = {Elsevier},
  Title = {The Rac-GAP alpha2-chimaerin regulates hippocampal dendrite and spine morphogenesis},
  Volume = {75},
  Year = {2016}}

%%%%%%%%%%%%%%%%%%%%%%%%%%%%%%%%%%%%%
%% Other articles                  %%
%%%%%%%%%%%%%%%%%%%%%%%%%%%%%%%%%%%%%

@article{bioimage_informatics,
  Author = {Peng, Hanchuan},
  Date-Added = {2017-04-17 22:18:00 +0000},
  Date-Modified = {2017-04-17 22:18:00 +0000},
  Journal = {Bioinformatics},
  Number = {17},
  Pages = {1827--1836},
  Publisher = {Oxford Univ Press},
  Title = {Bioimage informatics: a new area of engineering biology},
  Volume = {24},
  Year = {2008}}

@article{bioimaging_software_review,
  Author = {Eliceiri, Kevin W and Berthold, Michael R and Goldberg, Ilya G and Ib{\'a}{\~n}ez, Luis and Manjunath, Bangalore S and Martone, Maryann E and Murphy, Robert F and Peng, Hanchuan and Plant, Anne L and Roysam, Badrinath and others},
  Date-Added = {2017-04-17 22:35:00 +0000},
  Date-Modified = {2017-04-17 22:35:00 +0000},
  Journal = {Nature methods},
  Number = {7},
  Pages = {697--710},
  Publisher = {Nature Publishing Group},
  Title = {Biological imaging software tools},
  Volume = {9},
  Year = {2012}}

@article{bioimaging_cell_biology,
  Author = {Swedlow, Jason R and Eliceiri, Kevin W},
  Date-Added = {2017-04-17 22:35:00 +0000},
  Date-Modified = {2017-04-17 22:35:00 +0000},
  Journal = {Trends in cell biology},
  Number = {11},
  Pages = {656--660},
  Publisher = {Elsevier},
  Title = {Open source bioimage informatics for cell biology},
  Volume = {19},
  Year = {2009}}

@article{software_usability,
  Author = {Carpenter, Anne E and Kamentsky, Lee and Eliceiri, Kevin W},
  Date-Added = {2017-01-17 20:13:57 +0000},
  Date-Modified = {2017-01-17 20:13:57 +0000},
  Journal = {Nature methods},
  Number = {7},
  Pages = {666},
  Publisher = {NIH Public Access},
  Title = {A call for bioimaging software usability},
  Volume = {9},
  Year = {2012}}

@article{richardson_lucy,
  Author = {Dey, Nicolas and Blanc-Feraud, Laure and Zimmer, Christophe and Roux, Pascal and Kam, Zvi and Olivo-Marin, Jean-Christophe and Zerubia, Josiane},
  Date-Added = {2017-01-17 19:48:51 +0000},
  Date-Modified = {2017-01-17 19:48:51 +0000},
  Journal = {Microscopy research and technique},
  Number = {4},
  Pages = {260--266},
  Publisher = {Wiley Online Library},
  Title = {Richardson--Lucy algorithm with total variation regularization for 3D confocal microscope deconvolution},
  Volume = {69},
  Year = {2006}}

@article{premature_optimization,
  Author = {Hyde, Randall},
  Date-Added = {2017-01-17 19:54:17 +0000},
  Date-Modified = {2017-01-17 19:54:17 +0000},
  Journal = {Ubiquity},
  Number = {February},
  Pages = {1},
  Publisher = {ACM},
  Title = {The fallacy of premature optimization},
  Volume = {2009},
  Year = {2009}}

%%%%%%%%%%%%%%%%%%%%%%%%%%%%%%%%%%%%%
%% Books                           %%
%%%%%%%%%%%%%%%%%%%%%%%%%%%%%%%%%%%%%

@book{legacy_code,
  Author = {Feathers, Michael},
  Date-Added = {2017-01-17 20:08:14 +0000},
  Date-Modified = {2017-01-17 20:08:14 +0000},
  Publisher = {Prentice Hall Professional},
  Title = {Working effectively with legacy code},
  Year = {2004}}

@book{cathedral_bazaar,
  Author = {Raymond, Eric S},
  Date-Added = {2017-01-17 20:01:49 +0000},
  Date-Modified = {2017-01-17 20:01:49 +0000},
  Publisher = {" O'Reilly Media, Inc."},
  Title = {The Cathedral \& the Bazaar: Musings on linux and open source by an accidental revolutionary},
  Year = {2001}}

%%%%%%%%%%%%%%%%%%%%%%%%%%%%%%%%%%%%%
%% Book chapters                   %%
%%%%%%%%%%%%%%%%%%%%%%%%%%%%%%%%%%%%%

@inbook{knime,
  Address = {Berlin, Heidelberg},
  Author = {Berthold, Michael R. and Cebron, Nicolas and Dill, Fabian and Gabriel, Thomas R. and K{\"o}tter, Tobias and Meinl, Thorsten and Ohl, Peter and Sieb, Christoph and Thiel, Kilian and Wiswedel, Bernd},
  Booktitle = {Data Analysis, Machine Learning and Applications: Proceedings of the 31st Annual Conference of the Gesellschaft f{\"u}r Klassifikation e.V., Albert-Ludwigs-Universit{\"a}t Freiburg, March 7--9, 2007},
  Date-Added = {2017-01-17 20:19:05 +0000},
  Date-Modified = {2017-11-21 22:08:00 +0000},
  Doi = {10.1007/978-3-540-78246-9\_38},
  Editor = {Preisach, Christine and Burkhardt, Hans and Schmidt-Thieme, Lars and Decker, Reinhold},
  Isbn = {978-3-540-78246-9},
  Pages = {319--326},
  Publisher = {Springer},
  Title = {KNIME: The Konstanz Information Miner},
  Year = {2008}}

@inbook{micro_manager_2010,
  Address = {Hoboken, NJ, USA},
  Author = {Edelstein, Arthur and Amodaj, Nenad and Hoover, Karl and Vale, Ron and Stuurman, Nico},
  Booktitle = {Current Protocols in Molecular Biology},
  Date-Added = {2017-04-17 22:35:00 +0000},
  Date-Modified = {2017-11-22 01:35:00 +0000},
  Doi = {10.1002/0471142727.mb1420s92},
  Isbn = {9780471142720},
  Keywords = {Micro-Manager, $\mu$Manager, microscopy, automation, open source, cross platform, ImageJ, digital imaging, fluorescence microscopy, multi-dimensional acquisition},
  Pages = {14--20},
  Publisher = {Wiley Online Library},
  Title = {Computer Control of Microscopes Using $\mu$Manager},
  Year = {2010}}

@incollection{knip,
  Author = {Dietz, Christian and Berthold, Michael R},
  Booktitle = {Focus on Bio-Image Informatics},
  Date-Added = {2017-01-17 19:53:22 +0000},
  Date-Modified = {2017-01-17 19:53:22 +0000},
  Pages = {179--197},
  Publisher = {Springer},
  Title = {KNIME for Open-Source Bioimage Analysis: A Tutorial},
  Year = {2016}}

%%%%%%%%%%%%%%%%%%%%%%%%%%%%%%%%%%%%%
%% Proceedings                     %%
%%%%%%%%%%%%%%%%%%%%%%%%%%%%%%%%%%%%%

@inproceedings{mitobo2,
  Author = {M{\"o}ller, Birgit and Gre{\ss}, Oliver and Posch, Stefan},
  Booktitle = {International Conference on Computer Vision Systems},
  Date-Added = {2017-01-17 20:18:01 +0000},
  Date-Modified = {2017-01-17 20:18:01 +0000},
  Organization = {Springer},
  Pages = {1--10},
  Title = {Knowing what happened-automatic documentation of image analysis processes},
  Year = {2011}}

@inproceedings{meshlab,
  Author = {Cignoni, Paolo and Callieri, Marco and Corsini, Massimiliano and Dellepiane, Matteo and Ganovelli, Fabio and Ranzuglia, Guido},
  Booktitle = {Eurographics Italian Chapter Conference},
  Date-Added = {2017-01-17 19:48:19 +0000},
  Date-Modified = {2017-01-17 19:48:19 +0000},
  Pages = {129--136},
  Title = {Meshlab: an open-source mesh processing tool.},
  Volume = {2008},
  Year = {2008}}

@inproceedings{javassist,
  Author = {Chiba, Shigeru and Nishizawa, Muga},
  Booktitle = {International Conference on Generative Programming and Component Engineering},
  Date-Added = {2017-01-17 20:13:26 +0000},
  Date-Modified = {2017-01-17 20:13:26 +0000},
  Organization = {Springer},
  Pages = {364--376},
  Title = {An easy-to-use toolkit for efficient Java bytecode translators},
  Year = {2003}}

@inproceedings{marching_cubes,
  Author = {Lorensen, William E and Cline, Harvey E},
  Booktitle = {ACM siggraph computer graphics},
  Date-Added = {2017-01-17 19:45:32 +0000},
  Date-Modified = {2017-01-17 19:45:32 +0000},
  Number = {4},
  Organization = {ACM},
  Pages = {163--169},
  Title = {Marching cubes: A high resolution 3D surface construction algorithm},
  Volume = {21},
  Year = {1987}}

%%%%%%%%%%%%%%%%%%%%%%%%%%%%%%%%%%%%%
%% Web pages: ImageJ wiki          %%
%%%%%%%%%%%%%%%%%%%%%%%%%%%%%%%%%%%%%

@webpage{imagej_architecture,
  Date-Added = {2017-01-17 20:01:58 +0000},
  Date-Modified = {2017-01-17 20:02:05 +0000},
  Title = {ImageJ Architecture},
  Url = {https://imagej.net/Architecture}}

@webpage{imagej_common,
  Date-Added = {2017-01-17 20:10:13 +0000},
  Date-Modified = {2017-01-17 20:10:24 +0000},
  Title = {ImageJ Common},
  Url = {https://imagej.net/ImageJ\_Common}}

@webpage{imagej_communication,
  Date-Added = {2017-01-17 20:01:15 +0000},
  Date-Modified = {2017-01-17 20:01:24 +0000},
  Title = {ImageJ communication channels},
  Url = {https://imagej.net/Communication}}

@webpage{imagej_contributing,
  Date-Added = {2017-01-17 20:00:43 +0000},
  Date-Modified = {2017-01-17 20:00:51 +0000},
  Title = {Contributing to ImageJ},
  Url = {https://imagej.net/Contributing}}

@webpage{imagej_contributors,
  Date-Added = {2017-08-07 16:54:00 +0000},
  Date-Modified = {2017-08-07 16:55:00 +0000},
  Title = {ImageJ Contributors},
  Url = {https://imagej.net/Contributors}}

@webpage{imagej_funding,
  Date-Added = {2017-01-17 19:55:59 +0000},
  Date-Modified = {2017-01-17 19:56:06 +0000},
  Title = {ImageJ Funding},
  Url = {https://imagej.net/Funding}}

@webpage{imglib2_benchmarks,
  Date-Added = {2017-01-17 19:54:33 +0000},
  Date-Modified = {2017-01-17 19:54:46 +0000},
  Title = {ImgLib2 Benchmarks},
  Url = {https://imagej.net/ImgLib2\_Benchmarks}}

@webpage{imagej_issues,
  Date-Added = {2017-01-17 19:56:51 +0000},
  Date-Modified = {2017-01-17 19:56:59 +0000},
  Title = {ImageJ Issue Management},
  Url = {https://imagej.net/Issues}}

@webpage{imagej_itk,
  Date-Added = {2017-01-17 19:51:21 +0000},
  Date-Modified = {2017-01-17 19:51:32 +0000},
  Title = {ImageJ-ITK},
  Url = {https://imagej.net/ITK}}

@webpage{imagej_licensing,
  Date-Added = {2017-01-17 20:02:33 +0000},
  Date-Modified = {2017-01-17 20:02:45 +0000},
  Title = {ImageJ Licensing},
  Url = {https://imagej.net/Licensing}}

@webpage{imagej_list_of_update_sites,
  Date-Added = {2017-01-17 20:00:00 +0000},
  Date-Modified = {2017-01-17 20:00:13 +0000},
  Title = {List of ImageJ Update Sites},
  Url = {https://imagej.net/List\_of\_update\_sites}}

@webpage{imagej_logging,
  Date-Added = {2017-01-17 20:11:25 +0000},
  Date-Modified = {2017-01-17 20:11:31 +0000},
  Title = {Logging in ImageJ},
  Url = {https://imagej.net/Logging}}

@webpage{imagej_roadmap,
  Date-Added = {2017-01-17 19:56:35 +0000},
  Date-Modified = {2017-01-17 19:56:42 +0000},
  Title = {ImageJ Roadmap},
  Url = {https://imagej.net/Roadmap}}

@webpage{imagej_scijava,
  Date-Added = {2017-01-17 20:11:56 +0000},
  Date-Modified = {2017-01-17 20:12:03 +0000},
  Title = {SciJava},
  Url = {https://imagej.net/SciJava}}

@webpage{imagej_sjc,
  Date-Added = {2017-01-17 20:11:35 +0000},
  Date-Modified = {2017-01-17 20:11:54 +0000},
  Title = {SciJava Common},
  Url = {https://imagej.net/SciJava\_Common}}

@webpage{imagej_source_code,
  Date-Added = {2017-01-19 16:11:46 +0000},
  Date-Modified = {2017-01-19 16:12:07 +0000},
  Title = {ImageJ source code},
  Url = {https://imagej.net/Source\_code}}

@webpage{imagej_team,
  Date-Added = {2017-01-17 19:57:03 +0000},
  Date-Modified = {2017-01-17 20:00:30 +0000},
  Title = {SciJava team roles},
  Url = {https://imagej.net/Team}}

@webpage{imagej_tutorials,
  Date-Added = {2017-08-07 18:52:00 +0000},
  Date-Modified = {2017-08-07 18:53:00 +0000},
  Title = {ImageJ Tutorials},
  Url = {https://imagej.net/Tutorials}}

@webpage{imagej_uber_jar,
  Date-Added = {2017-01-17 20:07:32 +0000},
  Date-Modified = {2017-01-17 20:07:42 +0000},
  Title = {Uber-JARs},
  Url = {https://imagej.net/Uber-JAR}}

@webpage{imagej_web_site,
  Date-Added = {2017-01-17 19:56:09 +0000},
  Date-Modified = {2017-01-17 19:56:14 +0000},
  Title = {ImageJ},
  Url = {https://imagej.net/}}

@webpage{imagej_mamut,
  Date-Added = {2017-08-14 13:49:31 +0000},
  Date-Modified = {2017-08-14 13:50:14 +0000},
  Title = {MaMuT},
  Url = {https://imagej.net/MaMuT}}

@webpage{imagej_coloc_2,
  Date-Added = {2017-08-14 15:13:42 +0000},
  Date-Modified = {2017-08-14 15:13:57 +0000},
  Title = {Coloc 2},
  Url = {https://imagej.net/Coloc\_2}}

%%%%%%%%%%%%%%%%%%%%%%%%%%%%%%%%%%%%%
%% Web pages: ImageJ subdomains    %%
%%%%%%%%%%%%%%%%%%%%%%%%%%%%%%%%%%%%%

@webpage{imagej_forum,
  Date-Added = {2017-01-17 20:01:04 +0000},
  Date-Modified = {2017-01-17 20:01:15 +0000},
  Title = {ImageJ Forum},
  Url = {http://forum.imagej.net/}}

@webpage{imagej_javadoc,
  Date-Added = {2017-01-17 19:56:21 +0000},
  Date-Modified = {2017-01-17 19:56:28 +0000},
  Title = {ImageJ Javadocs},
  Url = {https://javadoc.imagej.net/}}

@webpage{imagej_search,
  Date-Added = {2017-01-17 20:04:26 +0000},
  Date-Modified = {2017-01-17 20:04:34 +0000},
  Title = {ImageJ Search},
  Url = {https://search.imagej.net/}}

@webpage{imagej_sites,
  Date-Added = {2017-01-17 19:55:19 +0000},
  Date-Modified = {2017-01-17 19:55:38 +0000},
  Title = {Personal Update Sites},
  Url = {https://sites.imagej.net/}}

%%%%%%%%%%%%%%%%%%%%%%%%%%%%%%%%%%%%%
%% Web pages: ImageJ presentations %%
%%%%%%%%%%%%%%%%%%%%%%%%%%%%%%%%%%%%%

@webpage{imagej_survey,
  Date-Added = {2017-08-04 17:15:00 +0000},
  Date-Modified = {2017-08-04 17:16:00 +0000},
  Title = {2015 ImageJ conference presentation: survey},
  Url = {https://imagej.github.io/presentations/2015-09-03-imagej2-and-fiji/\#/6}}

@webpage{bnorthan_ops_decon,
  Author = {Northan, Brian},
  Date-Added = {2017-01-17 19:46:02 +0000},
  Date-Modified = {2017-01-17 19:59:23 +0000},
  Title = {Flexible Deconvolution using ImageJ Ops},
  Url = {https://imagej.github.io/presentations/2015-09-04-imagej2-deconvolution/}}

%%%%%%%%%%%%%%%%%%%%%%%%%%%%%%%%%%%%%
%% Web pages: ImageJ tutorials     %%
%%%%%%%%%%%%%%%%%%%%%%%%%%%%%%%%%%%%%

@webpage{imagej_notebooks,
  Date-Added = {2017-08-07 20:11:00 +0000},
  Date-Modified = {2017-08-07 20:12:00 +0000},
  Title = {ImageJ tutorial notebooks},
  Url = {https://imagej.github.io/tutorials/}}

%%%%%%%%%%%%%%%%%%%%%%%%%%%%%%%%%%%%%
%% Web pages: IJ+SJ source code    %%
%%%%%%%%%%%%%%%%%%%%%%%%%%%%%%%%%%%%%

@webpage{ij1_patcher,
  Date-Added = {2017-08-08 18:34:00 +0000},
  Date-Modified = {2017-08-08 18:35:00 +0000},
  Title = {ImageJ 1.x Patcher},
  Url = {https://github.com/imagej/ij1-patcher}}

@webpage{imagej_legacy,
  Date-Added = {2017-08-08 18:34:00 +0000},
  Date-Modified = {2017-08-08 18:35:00 +0000},
  Title = {ImageJ Legacy},
  Url = {https://github.com/imagej/imagej-legacy}}

@webpage{imagej_omero,
  Date-Added = {2017-01-17 19:55:01 +0000},
  Date-Modified = {2017-01-17 19:55:12 +0000},
  Title = {ImageJ-OMERO},
  Url = {https://github.com/imagej/imagej-omero}}

@webpage{imagej_server,
  Date-Added = {2017-08-08 18:34:00 +0000},
  Date-Modified = {2017-08-08 18:35:00 +0000},
  Title = {ImageJ Server},
  Url = {https://github.com/imagej/imagej-server}}

@webpage{imagej_tensorflow,
  Date-Added = {2017-08-08 18:34:00 +0000},
  Date-Modified = {2017-08-08 18:35:00 +0000},
  Title = {ImageJ-TensorFlow},
  Url = {https://github.com/imagej/imagej-tensorflow}}

@webpage{imagey,
  Date-Added = {2017-08-08 18:34:00 +0000},
  Date-Modified = {2017-08-08 18:35:00 +0000},
  Title = {imagey: ImageJ with CPython REPL},
  Url = {https://github.com/hanslovsky/imagey}}

@webpage{imglib2_imglyb,
  Date-Added = {2017-08-08 18:34:00 +0000},
  Date-Modified = {2017-08-08 18:35:00 +0000},
  Title = {imglib2-imglyb},
  Url = {https://github.com/hanslovsky/imglib2-imglyb}}

@webpage{scifio_bf_compat,
  Date-Added = {2017-08-08 18:34:00 +0000},
  Date-Modified = {2017-08-08 18:35:00 +0000},
  Title = {scifio-bf-compat},
  Url = {https://github.com/scifio/scifio-bf-compat}}

@webpage{scifio_ome_xml,
  Date-Added = {2017-08-08 18:34:00 +0000},
  Date-Modified = {2017-08-08 18:35:00 +0000},
  Title = {SCIFIO OME-XML support},
  Url = {https://github.com/scifio/scifio-ome-xml}}

@webpage{scijava_jupyter_kernel,
  Date-Added = {2017-08-08 18:34:00 +0000},
  Date-Modified = {2017-08-08 18:35:00 +0000},
  Title = {SciJava Jupyter Kernel},
  Url = {https://github.com/scijava/scijava-jupyter-kernel}}

@webpage{scripting_beanshell,
  Date-Added = {2017-08-08 18:34:00 +0000},
  Date-Modified = {2017-08-08 18:35:00 +0000},
  Title = {SciJava Scripting: BeanShell},
  Url = {https://github.com/scijava/scripting-beanshell}}

@webpage{scripting_clojure,
  Date-Added = {2017-08-08 18:34:00 +0000},
  Date-Modified = {2017-08-08 18:35:00 +0000},
  Title = {SciJava Scripting: Clojure},
  Url = {https://github.com/scijava/scripting-clojure}}

@webpage{scripting_cpython,
  Date-Added = {2017-08-08 18:34:00 +0000},
  Date-Modified = {2017-08-08 18:35:00 +0000},
  Title = {SciJava Scripting: CPython},
  Url = {https://github.com/scijava/scripting-cpython}}

@webpage{scripting_groovy,
  Date-Added = {2017-08-08 18:34:00 +0000},
  Date-Modified = {2017-08-08 18:35:00 +0000},
  Title = {SciJava Scripting: Groovy},
  Url = {https://github.com/scijava/scripting-groovy}}

@webpage{scripting_javascript,
  Date-Added = {2017-08-08 18:34:00 +0000},
  Date-Modified = {2017-08-08 18:35:00 +0000},
  Title = {SciJava Scripting: JavaScript},
  Url = {https://github.com/scijava/scripting-javascript}}

@webpage{scripting_jruby,
  Date-Added = {2017-08-08 18:34:00 +0000},
  Date-Modified = {2017-08-08 18:35:00 +0000},
  Title = {SciJava Scripting: JRuby},
  Url = {https://github.com/scijava/scripting-jruby}}

@webpage{scripting_jython,
  Date-Added = {2017-08-08 18:34:00 +0000},
  Date-Modified = {2017-08-08 18:35:00 +0000},
  Title = {SciJava Scripting: Jython},
  Url = {https://github.com/scijava/scripting-jython}}

@webpage{scripting_kotlin,
  Date-Added = {2017-08-08 18:34:00 +0000},
  Date-Modified = {2017-08-08 18:35:00 +0000},
  Title = {SciJava Scripting: Kotlin},
  Url = {https://github.com/scijava/scripting-kotlin}}

@webpage{scripting_matlab,
  Date-Added = {2017-08-08 18:34:00 +0000},
  Date-Modified = {2017-08-08 18:35:00 +0000},
  Title = {SciJava Scripting: MATLAB},
  Url = {https://github.com/scijava/scripting-matlab}}

@webpage{scripting_renjin,
  Date-Added = {2017-08-08 18:34:00 +0000},
  Date-Modified = {2017-08-08 18:35:00 +0000},
  Title = {SciJava Scripting: Renjin},
  Url = {https://github.com/scijava/scripting-renjin}}

@webpage{scripting_scala,
  Date-Added = {2017-08-08 18:34:00 +0000},
  Date-Modified = {2017-08-08 18:35:00 +0000},
  Title = {SciJava Scripting: Scala},
  Url = {https://github.com/scijava/scripting-scala}}

@webpage{sciview,
  Date-Added = {2017-08-14 15:06:00 +0000},
  Date-Modified = {2017-08-14 15:06:31 +0000},
  Title = {SciView},
  Url = {https://github.com/scenerygraphics/SciView}}

%%%%%%%%%%%%%%%%%%%%%%%%%%%%%%%%%%%%%
%% Web pages: ImageJ 1.x           %%
%%%%%%%%%%%%%%%%%%%%%%%%%%%%%%%%%%%%%

@webpage{imagej1_docs,
  Date-Added = {2017-01-17 20:05:36 +0000},
  Date-Modified = {2017-01-17 20:06:12 +0000},
  Title = {ImageJ 1.x documentation},
  Url = {https://imagej.net/index.html}}

@webpage{imagej_user_guide,
  Author = {Ferreira, Tiago},
  Date-Added = {2017-01-17 20:06:43 +0000},
  Date-Modified = {2017-01-17 20:06:58 +0000},
  Title = {ImageJ User Guide},
  Url = {https://imagej.net/docs/guide/}}

%%%%%%%%%%%%%%%%%%%%%%%%%%%%%%%%%%%%%
%% Web pages: ImageJ external      %%
%%%%%%%%%%%%%%%%%%%%%%%%%%%%%%%%%%%%%

@webpage{imagejfx,
  Author = {Mongis, Cyril},
  Date-Added = {2017-01-17 20:02:51 +0000},
  Date-Modified = {2017-01-17 20:03:18 +0000},
  Title = {ImageJFX - an enhanced interface for ImageJ},
  Url = {http://www.imagejfx.net/}}

@webpage{imagej_docu,
  Date-Added = {2017-01-17 20:04:50 +0000},
  Date-Modified = {2017-01-17 20:05:31 +0000},
  Title = {ImageJ Information and Documentation Portal},
  Url = {http://imagejdocu.tudor.lu/}}

%%%%%%%%%%%%%%%%%%%%%%%%%%%%%%%%%%%%%
%% Web pages: SciJava              %%
%%%%%%%%%%%%%%%%%%%%%%%%%%%%%%%%%%%%%

@webpage{scijava,
  Date-Added = {2017-01-17 20:12:15 +0000},
  Date-Modified = {2017-01-17 20:12:30 +0000},
  Title = {SciJava},
  Url = {http://www.scijava.org/}}

%%%%%%%%%%%%%%%%%%%%%%%%%%%%%%%%%%%%%
%% Web pages: Technologies         %%
%%%%%%%%%%%%%%%%%%%%%%%%%%%%%%%%%%%%%

@webpage{alida,
  Date-Added = {2017-08-08 18:34:00 +0000},
  Date-Modified = {2017-08-08 18:35:00 +0000},
  Title = {Alida},
  Url = {http://www.informatik.uni-halle.de/alida/}}

@webpage{apache_maven,
  Date-Added = {2017-01-17 20:02:10 +0000},
  Date-Modified = {2017-01-17 20:02:25 +0000},
  Title = {Apache Maven},
  Url = {https://maven.apache.org/}}

@webpage{apache_spark,
  Date-Added = {2017-01-17 19:53:45 +0000},
  Date-Modified = {2017-01-17 19:54:01 +0000},
  Title = {Apache Spark},
  Url = {https://spark.apache.org/}}

@webpage{aws,
  Date-Added = {2017-01-17 19:52:55 +0000},
  Date-Modified = {2017-01-17 19:53:04 +0000},
  Title = {Amazon Web Services},
  Url = {https://aws.amazon.com/}}

@webpage{beakerx,
  Date-Added = {2017-08-08 18:34:00 +0000},
  Date-Modified = {2017-08-08 18:35:00 +0000},
  Title = {Beaker Extensions for Jupyter Notebook},
  Url = {https://github.com/twosigma/beakerx}}

@webpage{beanshell,
  Date-Added = {2017-08-08 18:34:00 +0000},
  Date-Modified = {2017-08-08 18:35:00 +0000},
  Title = {BeanShell: Lightweight Scripting for Java},
  Url = {http://beanshell.org/}}

@webpage{clojure,
  Date-Added = {2017-08-08 18:34:00 +0000},
  Date-Modified = {2017-08-08 18:35:00 +0000},
  Title = {The Clojure Programming Language},
  Url = {https://clojure.org/}}

@webpage{cuda,
  Date-Added = {2017-08-04 20:56:00 +0000},
  Date-Modified = {2017-08-04 20:57:00 +0000},
  Title = {CUDA},
  Url = {http://www.nvidia.com/object/cuda\_home\_new.html}}

@webpage{deep_learning,
  Date-Added = {2017-01-19 16:33:09 +0000},
  Date-Modified = {2017-01-19 16:33:18 +0000},
  Title = {Deep Learning},
  Url = {http://deeplearning.net/}}

@webpage{discourse,
  Date-Added = {2017-01-17 19:57:12 +0000},
  Date-Modified = {2017-01-17 19:57:33 +0000},
  Title = {Discourse},
  Url = {https://www.discourse.org/}}

@webpage{dropwizard,
  Date-Added = {2017-08-08 18:34:00 +0000},
  Date-Modified = {2017-08-08 18:35:00 +0000},
  Title = {Dropwizard},
  Url = {http://dropwizard.io/}}

@webpage{eclipse,
  Date-Added = {2017-08-08 18:34:00 +0000},
  Date-Modified = {2017-08-08 18:35:00 +0000},
  Title = {Eclipse},
  Url = {https://eclipse.org/}}

@webpage{groovy,
  Date-Added = {2017-08-07 20:44:00 +0000},
  Date-Modified = {2017-08-07 20:45:00 +0000},
  Title = {Groovy},
  Url = {http://groovy-lang.org/}}

@webpage{javabridge,
  Date-Added = {2017-08-08 18:34:00 +0000},
  Date-Modified = {2017-08-08 18:35:00 +0000},
  Title = {python-javabridge: Python wrapper for the Java Native Interface},
  Url = {https://github.com/LeeKamentsky/python-javabridge}}

@webpage{javacv,
  Date-Added = {2017-08-08 18:34:00 +0000},
  Date-Modified = {2017-08-08 18:35:00 +0000},
  Title = {JavaCV: Java interface to OpenCV and more},
  Url = {https://github.com/bytedeco/javacv}}

@webpage{javascript,
  Date-Added = {2017-08-08 18:34:00 +0000},
  Date-Modified = {2017-08-08 18:35:00 +0000},
  Title = {JavaScript},
  Url = {https://developer.mozilla.org/en-US/docs/Web/JavaScript}}

@webpage{jupyter,
  Date-Added = {2017-08-08 18:34:00 +0000},
  Date-Modified = {2017-08-08 18:35:00 +0000},
  Title = {Project Jupyter},
  Url = {https://jupyter.org/}}

@webpage{jyni,
  Date-Added = {2017-08-08 18:34:00 +0000},
  Date-Modified = {2017-08-08 18:35:00 +0000},
  Title = {JyNI -- Jython Native Interface},
  Url = {https://jyni.org/}}

@webpage{jython,
  Date-Added = {2017-08-08 18:34:00 +0000},
  Date-Modified = {2017-08-08 18:35:00 +0000},
  Title = {Jython: Python for the Java Platform},
  Url = {http://jython.org/}}

@webpage{kotlin,
  Date-Added = {2017-08-08 18:34:00 +0000},
  Date-Modified = {2017-08-08 18:35:00 +0000},
  Title = {Kotlin},
  Url = {https://kotlinlang.org/}}

@webpage{javafx,
  Date-Added = {2017-01-17 20:03:29 +0000},
  Date-Modified = {2017-01-17 20:03:54 +0000},
  Title = {JavaFX},
  Url = {http://docs.oracle.com/javafx/}}

@webpage{markdown,
  Author = {Gruber, John},
  Date-Added = {2017-01-17 20:09:19 +0000},
  Date-Modified = {2017-01-17 20:09:56 +0000},
  Title = {Daring Fireball: Markdown},
  Url = {https://daringfireball.net/projects/markdown/}}

@webpage{matlab,
  Date-Added = {2017-08-08 18:34:00 +0000},
  Date-Modified = {2017-08-08 18:35:00 +0000},
  Title = {MATLAB: The Language of Technical Computing},
  Url = {https://www.mathworks.com/products/matlab.html}}

@webpage{matlabcontrol,
  Date-Added = {2017-08-08 18:34:00 +0000},
  Date-Modified = {2017-08-08 18:35:00 +0000},
  Title = {matlabcontrol},
  Url = {https://code.google.com/archive/p/matlabcontrol/}}

@webpage{nashorn,
  Date-Added = {2017-08-08 18:34:00 +0000},
  Date-Modified = {2017-08-08 18:35:00 +0000},
  Title = {Project Nashorn},
  Url = {http://openjdk.java.net/projects/nashorn/}}

@webpage{opencl,
  Date-Added = {2017-08-04 20:58:00 +0000},
  Date-Modified = {2017-08-04 20:59:00 +0000},
  Title = {OpenCL},
  Url = {https://www.khronos.org/opencl/}}

@webpage{opencv,
  Date-Added = {2017-01-17 20:07:08 +0000},
  Date-Modified = {2017-01-17 20:07:27 +0000},
  Title = {OpenCV: Open Source Computer Vision},
  Url = {http://opencv.org/}}

@webpage{pyjnius,
  Date-Added = {2017-08-08 18:34:00 +0000},
  Date-Modified = {2017-08-08 18:35:00 +0000},
  Title = {PyJNIus: Access Java classes from Python},
  Url = {https://github.com/kivy/pyjnius}}

@webpage{python,
  Date-Added = {2017-08-08 18:34:00 +0000},
  Date-Modified = {2017-08-08 18:35:00 +0000},
  Title = {Python},
  Url = {https://python.org/}}

@webpage{r,
  Date-Added = {2017-08-08 18:34:00 +0000},
  Date-Modified = {2017-08-08 18:35:00 +0000},
  Title = {The R Project for Statistical Computing},
  Url = {https://r-project.org/}}

@webpage{renjin,
  Date-Added = {2017-08-08 18:34:00 +0000},
  Date-Modified = {2017-08-08 18:35:00 +0000},
  Title = {Renjin},
  Url = {http://renjin.org/}}

@webpage{rhino,
  Date-Added = {2017-08-08 18:34:00 +0000},
  Date-Modified = {2017-08-08 18:35:00 +0000},
  Title = {Rhino JavaScript implementation},
  Url = {https://developer.mozilla.org/en-US/docs/Mozilla/Projects/Rhino}}

@webpage{ruby,
  Date-Added = {2017-08-08 18:34:00 +0000},
  Date-Modified = {2017-08-08 18:35:00 +0000},
  Title = {Ruby Programming Language},
  Url = {https://www.ruby-lang.org/}}

@webpage{scala,
  Date-Added = {2017-08-08 18:34:00 +0000},
  Date-Modified = {2017-08-08 18:35:00 +0000},
  Title = {The Scala Programming Language},
  Url = {https://scala-lang.org/}}

@webpage{scikit_image,
  Date-Added = {2017-01-17 19:52:24 +0000},
  Date-Modified = {2017-01-17 19:52:50 +0000},
  Title = {scikit-image: Image Processing in Python},
  Url = {http://scikit-image.org/}}

@webpage{simpleitk,
  Date-Added = {2017-08-08 18:34:00 +0000},
  Date-Modified = {2017-08-08 18:35:00 +0000},
  Title = {SimpleITK},
  Url = {https://simpleitk.org/}}

@webpage{slf4j,
  Date-Added = {2017-01-17 20:10:29 +0000},
  Date-Modified = {2017-01-17 20:10:46 +0000},
  Title = {SLF4J},
  Url = {https://www.slf4j.org/}}

@webpage{spring,
  Date-Added = {2017-01-17 20:09:07 +0000},
  Date-Modified = {2017-01-17 20:09:17 +0000},
  Title = {Spring},
  Url = {https://spring.io/}}

@webpage{stackoverflow,
  Date-Added = {2017-01-17 20:03:57 +0000},
  Date-Modified = {2017-01-17 20:04:17 +0000},
  Title = {StackOverflow},
  Url = {https://stackoverflow.com/}}

@webpage{tensorflow,
  Date-Added = {2017-08-08 18:34:00 +0000},
  Date-Modified = {2017-08-08 18:35:00 +0000},
  Title = {TensorFlow: An open-source software library for Machine Intelligence},
  Url = {https://www.tensorflow.org/}}

@webpage{travis_ci,
  Date-Added = {2017-08-07 18:00:00 +0000},
  Date-Modified = {2017-08-07 18:01:00 +0000},
  Title = {Travis CI},
  Url = {https://travis-ci.org/}}

%%%%%%%%%%%%%%%%%%%%%%%%%%%%%%%%%%%%%
%% Web pages: Articles             %%
%%%%%%%%%%%%%%%%%%%%%%%%%%%%%%%%%%%%%

@webpage{github_effect,
  Author = {Preston-Werner, Tom},
  Date-Added = {2017-01-17 20:14:15 +0000},
  Date-Modified = {2017-01-17 20:17:37 +0000},
  Month = {June},
  Title = {The GitHub Effect: Forking Your Way to Better Code (FOWA Vegas 2011)},
  Url = {http://lanyrd.com/2011/fowa-vegas/sfxcw/},
  Year = {2011}}

@webpage{hardware_is_cheap,
  Author = {Atwood, Jeff},
  Date-Added = {2017-01-17 19:57:57 +0000},
  Date-Modified = {2017-01-17 19:59:36 +0000},
  Title = {Hardware is Cheap, Programmers are Expensive},
  Url = {https://blog.codinghorror.com/hardware-is-cheap-programmers-are-expensive/},
  Year = {2008}}

@webpage{dependency_injection,
  Date-Added = {2017-01-17 20:08:21 +0000},
  Date-Modified = {2017-01-17 20:08:42 +0000},
  Title = {Dependency injection},
  Url = {https://en.wikipedia.org/wiki/Dependency\_injection}}

@webpage{ioc,
  Date-Added = {2017-01-17 20:08:43 +0000},
  Date-Modified = {2017-01-17 20:09:06 +0000},
  Title = {Inversion of control},
  Url = {https://en.wikipedia.org/wiki/Inversion\_of\_control}}

@webpage{lisp,
  Date-Added = {2017-08-08 18:34:00 +0000},
  Date-Modified = {2017-08-08 18:35:00 +0000},
  Title = {Lisp (programming language)},
  Url = {https://en.wikipedia.org/wiki/Lisp\_(programming\_language)}}

@webpage{rest,
  Date-Added = {2017-08-08 18:34:00 +0000},
  Date-Modified = {2017-08-08 18:35:00 +0000},
  Title = {Representational state transfer},
  Url = {https://en.wikipedia.org/wiki/Representational\_state\_transfer}}

%%%%%%%%%%%%%%%%%%%%%%%%%%%%%%%%%%%%%
%% Web pages: Sample datasets      %%
%%%%%%%%%%%%%%%%%%%%%%%%%%%%%%%%%%%%%

@webpage{stellaris_fish,
  Author = {McNamara, George},
  Date-Added = {2017-01-17 19:50:17 +0000},
  Date-Modified = {2017-01-17 19:50:50 +0000},
  Title = {Leica microscope GPU deconvolution Stellaris FISH dataset \#1},
  Url = {https://works.bepress.com/gmcnamara/31/}}

@webpage{bat_cochlea_volume,
  Author = {Keating, Art},
  Date-Added = {2017-01-17 19:49:10 +0000},
  Date-Modified = {2017-01-17 19:49:52 +0000},
  Title = {Bat Cochlea Volume},
  Url = {https://imagej.net/images/bat-cochlea-volume.txt}}
